<?xml version="1.0" encoding="UTF-8"?>
  <record xmlns="http://www.loc.gov/MARC21/slim" type="Authority">
    <leader>00000nz  a2200000nc 4500</leader>
    <controlfield tag="001">116517735</controlfield>
    <controlfield tag="003">DE-101</controlfield>
    <controlfield tag="005">20220311161812.0</controlfield>
    <controlfield tag="008">960219n||azznnaabn           | aaa    |c</controlfield>
    <datafield tag="024" ind1="7" ind2=" ">
      <subfield code="a">116517735</subfield>
      <subfield code="0">http://d-nb.info/gnd/116517735</subfield>
      <subfield code="2">gnd</subfield>
    </datafield>
    <datafield tag="035" ind1=" " ind2=" ">
      <subfield code="a">(DE-101)116517735</subfield>
    </datafield>
    <datafield tag="035" ind1=" " ind2=" ">
      <subfield code="a">(DE-588)116517735</subfield>
    </datafield>
    <datafield tag="035" ind1=" " ind2=" ">
      <subfield code="z">(DE-588a)116517735</subfield>
      <subfield code="9">v:zg</subfield>
    </datafield>
    <datafield tag="040" ind1=" " ind2=" ">
      <subfield code="a">DE-611</subfield>
      <subfield code="c">DE-611</subfield>
      <subfield code="9">r:DE-611</subfield>
      <subfield code="b">ger</subfield>
      <subfield code="d">9999</subfield>
    </datafield>
    <datafield tag="042" ind1=" " ind2=" ">
      <subfield code="a">gnd1</subfield>
    </datafield>
    <datafield tag="043" ind1=" " ind2=" ">
      <subfield code="c">XA-DE</subfield>
    </datafield>
    <datafield tag="065" ind1=" " ind2=" ">
      <subfield code="a">7.14p</subfield>
      <subfield code="2">sswd</subfield>
    </datafield>
    <datafield tag="075" ind1=" " ind2=" ">
      <subfield code="b">p</subfield>
      <subfield code="2">gndgen</subfield>
    </datafield>
    <datafield tag="075" ind1=" " ind2=" ">
      <subfield code="b">piz</subfield>
      <subfield code="2">gndspec</subfield>
    </datafield>
    <datafield tag="079" ind1=" " ind2=" ">
      <subfield code="a">g</subfield>
      <subfield code="q">a</subfield>
      <subfield code="q">f</subfield>
      <subfield code="q">z</subfield>
      <subfield code="q">h</subfield>
      <subfield code="q">s</subfield>
      <subfield code="u">k</subfield>
      <subfield code="u">h</subfield>
      <subfield code="u">v</subfield>
      <subfield code="u">w</subfield>
    </datafield>
    <datafield tag="100" ind1="1" ind2=" ">
      <subfield code="a">Cisnerus, Nikolaus</subfield>
      <subfield code="d">1529-1583</subfield>
    </datafield>
    <datafield tag="375" ind1=" " ind2=" ">
      <subfield code="a">1</subfield>
      <subfield code="2">iso5218</subfield>
    </datafield>
    <datafield tag="400" ind1="1" ind2=" ">
      <subfield code="a">Cißner, Nicolaus</subfield>
      <subfield code="d">1529-1583</subfield>
    </datafield>
    <datafield tag="400" ind1="1" ind2=" ">
      <subfield code="a">Cisner, Niklas</subfield>
      <subfield code="d">1529-1583</subfield>
    </datafield>
    <datafield tag="400" ind1="1" ind2=" ">
      <subfield code="a">Cisnerus, Nic.</subfield>
      <subfield code="d">1529-1583</subfield>
    </datafield>
    <datafield tag="400" ind1="1" ind2=" ">
      <subfield code="a">Cißnerus, Nicolaus</subfield>
      <subfield code="d">1529-1583</subfield>
    </datafield>
    <datafield tag="400" ind1="1" ind2=" ">
      <subfield code="a">Cisner, Nikolaus</subfield>
      <subfield code="d">1529-1583</subfield>
      <subfield code="9">v:(VD-16)</subfield>
    </datafield>
    <datafield tag="400" ind1="0" ind2=" ">
      <subfield code="a">N.C.</subfield>
      <subfield code="d">1529-1583</subfield>
    </datafield>
    <datafield tag="400" ind1="1" ind2=" ">
      <subfield code="a">Cisner, Niclaus</subfield>
      <subfield code="d">1529-1583</subfield>
    </datafield>
    <datafield tag="400" ind1="1" ind2=" ">
      <subfield code="a">Cisner, Nicolaus</subfield>
      <subfield code="d">1529-1583</subfield>
    </datafield>
    <datafield tag="400" ind1="1" ind2=" ">
      <subfield code="a">Kistner, Nicolaus</subfield>
      <subfield code="d">1529-1583</subfield>
    </datafield>
    <datafield tag="400" ind1="1" ind2=" ">
      <subfield code="a">Cisnerus, Nicolaus</subfield>
      <subfield code="d">1529-1583</subfield>
    </datafield>
    <datafield tag="400" ind1="1" ind2=" ">
      <subfield code="a">Kistner, Nikolaus</subfield>
      <subfield code="d">1529-1583</subfield>
    </datafield>
    <datafield tag="400" ind1="1" ind2=" ">
      <subfield code="a">Cissnerus, Nicolaus</subfield>
      <subfield code="d">1529-1583</subfield>
    </datafield>
    <datafield tag="400" ind1="1" ind2=" ">
      <subfield code="a">Cissner, Nicolaus</subfield>
      <subfield code="d">1529-1583</subfield>
    </datafield>
    <datafield tag="400" ind1="1" ind2=" ">
      <subfield code="a">Kistner, Nikolaus</subfield>
      <subfield code="d">1529-1583</subfield>
      <subfield code="5">DE-18</subfield>
    </datafield>
    <datafield tag="500" ind1="1" ind2=" ">
      <subfield code="a">Knichen, Andreas &#152;von&#156;</subfield>
      <subfield code="4">beza</subfield>
      <subfield code="4">https://d-nb.info/standards/elementset/gnd#acquaintanceshipOrFriendship</subfield>
      <subfield code="w">r</subfield>
      <subfield code="i">Bekanntschaft</subfield>
      <subfield code="e">Bekanntschaft</subfield>
      <subfield code="9">v:VD-16 Mitverf.</subfield>
    </datafield>
    <datafield tag="500" ind1="1" ind2=" ">
      <subfield code="a">Lotichius, Peter</subfield>
      <subfield code="4">beza</subfield>
      <subfield code="4">https://d-nb.info/standards/elementset/gnd#acquaintanceshipOrFriendship</subfield>
      <subfield code="w">r</subfield>
      <subfield code="i">Bekanntschaft</subfield>
      <subfield code="e">Bekanntschaft</subfield>
      <subfield code="9">v:VD-16 Mitverf.</subfield>
    </datafield>
    <datafield tag="500" ind1="1" ind2=" ">
      <subfield code="0">(DE-101)118777939</subfield>
      <subfield code="0">(DE-588)118777939</subfield>
      <subfield code="0">https://d-nb.info/gnd/118777939</subfield>
      <subfield code="a">Krantz, Albert</subfield>
      <subfield code="d">1448-1517</subfield>
      <subfield code="4">beza</subfield>
      <subfield code="4">https://d-nb.info/standards/elementset/gnd#acquaintanceshipOrFriendship</subfield>
      <subfield code="w">r</subfield>
      <subfield code="i">Bekanntschaft</subfield>
      <subfield code="e">Bekanntschaft</subfield>
      <subfield code="9">v:VD-16 Mitverf.</subfield>
    </datafield>
    <datafield tag="500" ind1="1" ind2=" ">
      <subfield code="a">Camerarius, Joachim</subfield>
      <subfield code="c">der Ältere</subfield>
      <subfield code="4">beza</subfield>
      <subfield code="4">https://d-nb.info/standards/elementset/gnd#acquaintanceshipOrFriendship</subfield>
      <subfield code="w">r</subfield>
      <subfield code="i">Bekanntschaft</subfield>
      <subfield code="e">Bekanntschaft</subfield>
      <subfield code="9">v:VD-16 Mitverf.</subfield>
    </datafield>
    <datafield tag="500" ind1="1" ind2=" ">
      <subfield code="a">Vigel, Nikolaus</subfield>
      <subfield code="4">beza</subfield>
      <subfield code="4">https://d-nb.info/standards/elementset/gnd#acquaintanceshipOrFriendship</subfield>
      <subfield code="w">r</subfield>
      <subfield code="i">Bekanntschaft</subfield>
      <subfield code="e">Bekanntschaft</subfield>
      <subfield code="9">v:VD-16 Mitverf.</subfield>
    </datafield>
    <datafield tag="500" ind1="0" ind2=" ">
      <subfield code="a">Cinus</subfield>
      <subfield code="c">aus Pistoia</subfield>
      <subfield code="4">beza</subfield>
      <subfield code="4">https://d-nb.info/standards/elementset/gnd#acquaintanceshipOrFriendship</subfield>
      <subfield code="w">r</subfield>
      <subfield code="i">Bekanntschaft</subfield>
      <subfield code="e">Bekanntschaft</subfield>
      <subfield code="9">v:VD-16 Mitverf.</subfield>
    </datafield>
    <datafield tag="500" ind1="1" ind2=" ">
      <subfield code="0">(DE-101)119808579</subfield>
      <subfield code="0">(DE-588)119808579</subfield>
      <subfield code="0">https://d-nb.info/gnd/119808579</subfield>
      <subfield code="a">Rorarius, David</subfield>
      <subfield code="4">beza</subfield>
      <subfield code="4">https://d-nb.info/standards/elementset/gnd#acquaintanceshipOrFriendship</subfield>
      <subfield code="w">r</subfield>
      <subfield code="i">Bekanntschaft</subfield>
      <subfield code="e">Bekanntschaft</subfield>
      <subfield code="9">v:VD-16 Mitverf.</subfield>
    </datafield>
    <datafield tag="500" ind1="1" ind2=" ">
      <subfield code="0">(DE-101)121803406</subfield>
      <subfield code="0">(DE-588)121803406</subfield>
      <subfield code="0">https://d-nb.info/gnd/121803406</subfield>
      <subfield code="a">Chyträus, David</subfield>
      <subfield code="4">beza</subfield>
      <subfield code="4">https://d-nb.info/standards/elementset/gnd#acquaintanceshipOrFriendship</subfield>
      <subfield code="w">r</subfield>
      <subfield code="i">Bekanntschaft</subfield>
      <subfield code="e">Bekanntschaft</subfield>
      <subfield code="9">v:VD-16 Mitverf.</subfield>
    </datafield>
    <datafield tag="500" ind1="1" ind2=" ">
      <subfield code="0">(DE-101)119009137</subfield>
      <subfield code="0">(DE-588)119009137</subfield>
      <subfield code="0">https://d-nb.info/gnd/119009137</subfield>
      <subfield code="a">Chyträus, David</subfield>
      <subfield code="d">1531-1600</subfield>
      <subfield code="4">beza</subfield>
      <subfield code="4">https://d-nb.info/standards/elementset/gnd#acquaintanceshipOrFriendship</subfield>
      <subfield code="w">r</subfield>
      <subfield code="i">Bekanntschaft</subfield>
      <subfield code="e">Bekanntschaft</subfield>
      <subfield code="9">v:VD-16 Mitverf.</subfield>
    </datafield>
    <datafield tag="500" ind1="1" ind2=" ">
      <subfield code="0">(DE-101)118613200</subfield>
      <subfield code="0">(DE-588)118613200</subfield>
      <subfield code="0">https://d-nb.info/gnd/118613200</subfield>
      <subfield code="a">Seneca, Lucius Annaeus</subfield>
      <subfield code="c">Philosophus</subfield>
      <subfield code="d">-65</subfield>
      <subfield code="4">beza</subfield>
      <subfield code="4">https://d-nb.info/standards/elementset/gnd#acquaintanceshipOrFriendship</subfield>
      <subfield code="w">r</subfield>
      <subfield code="i">Bekanntschaft</subfield>
      <subfield code="e">Bekanntschaft</subfield>
      <subfield code="9">v:VD-16 Mitverf.</subfield>
    </datafield>
    <datafield tag="548" ind1=" " ind2=" ">
      <subfield code="a">14.03.1529-XX.XX.1583</subfield>
      <subfield code="4">datx</subfield>
      <subfield code="4">https://d-nb.info/standards/elementset/gnd#dateOfBirthAndDeath</subfield>
      <subfield code="w">r</subfield>
      <subfield code="i">Exakte Lebensdaten</subfield>
    </datafield>
    <datafield tag="548" ind1=" " ind2=" ">
      <subfield code="a">22.03.1529-06.03.1583</subfield>
      <subfield code="4">datx</subfield>
      <subfield code="4">https://d-nb.info/standards/elementset/gnd#dateOfBirthAndDeath</subfield>
      <subfield code="w">r</subfield>
      <subfield code="i">Exakte Lebensdaten</subfield>
    </datafield>
    <datafield tag="548" ind1=" " ind2=" ">
      <subfield code="a">1529-1583</subfield>
      <subfield code="4">datl</subfield>
      <subfield code="4">https://d-nb.info/standards/elementset/gnd#dateOfBirthAndDeath</subfield>
      <subfield code="w">r</subfield>
      <subfield code="i">Lebensdaten</subfield>
    </datafield>
    <datafield tag="550" ind1=" " ind2=" ">
      <subfield code="0">(DE-101)040290506</subfield>
      <subfield code="0">(DE-588)4029050-5</subfield>
      <subfield code="0">https://d-nb.info/gnd/4029050-5</subfield>
      <subfield code="a">Jurist</subfield>
      <subfield code="4">berc</subfield>
      <subfield code="4">https://d-nb.info/standards/elementset/gnd#professionOrOccupation</subfield>
      <subfield code="w">r</subfield>
      <subfield code="i">Charakteristischer Beruf</subfield>
    </datafield>
    <datafield tag="550" ind1=" " ind2=" ">
      <subfield code="0">(DE-101)041391039</subfield>
      <subfield code="0">(DE-588)4139103-2</subfield>
      <subfield code="0">https://d-nb.info/gnd/4139103-2</subfield>
      <subfield code="a">Rat</subfield>
      <subfield code="4">beru</subfield>
      <subfield code="4">https://d-nb.info/standards/elementset/gnd#professionOrOccupation</subfield>
      <subfield code="w">r</subfield>
      <subfield code="i">Beruf</subfield>
    </datafield>
    <datafield tag="550" ind1=" " ind2=" ">
      <subfield code="a">Professor für Jura</subfield>
      <subfield code="g">Heidelberg</subfield>
      <subfield code="4">beru</subfield>
      <subfield code="4">https://d-nb.info/standards/elementset/gnd#professionOrOccupation</subfield>
      <subfield code="w">r</subfield>
      <subfield code="i">Beruf</subfield>
    </datafield>
    <datafield tag="550" ind1=" " ind2=" ">
      <subfield code="a">Rat (kurfürstlicher)</subfield>
      <subfield code="4">beru</subfield>
      <subfield code="4">https://d-nb.info/standards/elementset/gnd#professionOrOccupation</subfield>
      <subfield code="w">r</subfield>
      <subfield code="i">Beruf</subfield>
    </datafield>
    <datafield tag="551" ind1=" " ind2=" ">
      <subfield code="a">Mosbach</subfield>
      <subfield code="4">ortg</subfield>
      <subfield code="4">https://d-nb.info/standards/elementset/gnd#placeOfBirth</subfield>
      <subfield code="w">r</subfield>
      <subfield code="i">Geburtsort</subfield>
    </datafield>
    <datafield tag="551" ind1=" " ind2=" ">
      <subfield code="a">Heidelberg</subfield>
      <subfield code="4">orts</subfield>
      <subfield code="4">https://d-nb.info/standards/elementset/gnd#placeOfDeath</subfield>
      <subfield code="w">r</subfield>
      <subfield code="i">Sterbeort</subfield>
    </datafield>
    <datafield tag="667" ind1=" " ind2=" ">
      <subfield code="a">12</subfield>
    </datafield>
    <datafield tag="667" ind1=" " ind2=" ">
      <subfield code="a">7</subfield>
    </datafield>
    <datafield tag="667" ind1=" " ind2=" ">
      <subfield code="a">384</subfield>
    </datafield>
    <datafield tag="667" ind1=" " ind2=" ">
      <subfield code="a">VD-17</subfield>
    </datafield>
    <datafield tag="667" ind1=" " ind2=" ">
      <subfield code="a">VD-16</subfield>
    </datafield>
    <datafield tag="670" ind1=" " ind2=" ">
      <subfield code="a">Provenienzmerkmal</subfield>
      <subfield code="b">Autogramm</subfield>
      <subfield code="u">http://scans.hebis.de/HEBCGI/show.pl?15045449_aut-1.jpg</subfield>
    </datafield>
    <datafield tag="670" ind1=" " ind2=" ">
      <subfield code="a">ADB</subfield>
    </datafield>
    <datafield tag="670" ind1=" " ind2=" ">
      <subfield code="a">PND</subfield>
    </datafield>
    <datafield tag="670" ind1=" " ind2=" ">
      <subfield code="a">Supellex epistolica Uffenbachii et Wolfiorum = Katalog der Uffenbach-Wolfschen Briefsammlung / hrsg. u. bearb. von Nilüfer Krüger. - Hamburg : Hauswedell, 1978. 2 Bde. - (Katalog der Handschriften der Staats- und Universitätsbibliothek Hamburg ; 8)</subfield>
    </datafield>
    <datafield tag="672" ind1=" " ind2="0">
      <subfield code="a">De obitu Joannis Mylaei epistola</subfield>
      <subfield code="f">1555</subfield>
    </datafield>
    <datafield tag="672" ind1=" " ind2="0">
      <subfield code="a">Ad titulum Pandectarum de transactionibus commentar.</subfield>
      <subfield code="f">1566</subfield>
    </datafield>
    <datafield tag="672" ind1=" " ind2="0">
      <subfield code="a">Visitation Abschiede aller und jeder des ... Kays. Chammergerichts</subfield>
      <subfield code="f">1570</subfield>
    </datafield>
    <datafield tag="672" ind1=" " ind2="0">
      <subfield code="a">Krantz, Albert: Saxonia et metropolis</subfield>
      <subfield code="f">1575</subfield>
    </datafield>
    <datafield tag="672" ind1=" " ind2="0">
      <subfield code="a">Der Römischen Kayserlichen Mayestät und gemeiner Ständen des heiligen Reichs ..</subfield>
      <subfield code="f">1580</subfield>
    </datafield>
    <datafield tag="672" ind1=" " ind2="0">
      <subfield code="a">Formular allerley Gewälden ... so im ... Keys. Cammergericht eyngebracht</subfield>
      <subfield code="f">1584</subfield>
    </datafield>
    <datafield tag="672" ind1=" " ind2="0">
      <subfield code="a">De iure usucapionum commentarius</subfield>
      <subfield code="f">1588</subfield>
    </datafield>
    <datafield tag="672" ind1=" " ind2="0">
      <subfield code="a">De Otthone tertio ..</subfield>
      <subfield code="f">1608</subfield>
    </datafield>
    <datafield tag="672" ind1=" " ind2="0">
      <subfield code="a">Geordnet Kammergericht.  1594.  (VD16 D 999)</subfield>
    </datafield>
    <datafield tag="672" ind1=" " ind2="0">
      <subfield code="a">Cinus &lt;aus Pistoia&gt;: CYNI PISTORIENSIS, IVRISCONSVLTI PRAESTANTISSIMI, IN CODICEM, ET ALIquot titulos primi ...  1578.  (VD16 C 3931)</subfield>
    </datafield>
    <datafield tag="672" ind1=" " ind2="0">
      <subfield code="a">Cisner, Nikolaus: NICOLAI CISNERI IVRISCONSVLTI AD TITVLVM PANDECTARVM DE TRANSactionibus, Commentarij..  1566.  (VD16 C 3946)</subfield>
    </datafield>
    <datafield tag="672" ind1=" " ind2="0">
      <subfield code="a">Cisner, Nikolaus: NICOLAI CISNERI IVRISCONSVLTI ET CAMERAE IMPERIALIS ADSESSORIS, DE OTHONE III, ...  1570.  (VD16 C 3963)</subfield>
    </datafield>
    <datafield tag="672" ind1=" " ind2="0">
      <subfield code="a">Cisner, Nikolaus: EXHORTATIO ILLVSTRISSIMI PRINCIPIS AC DOMINI D. CHRISTOPHORI, COMITIS PALATINI RHENI, ...  1566.  (VD16 ZV 3645)</subfield>
    </datafield>
    <datafield tag="672" ind1=" " ind2="0">
      <subfield code="a">Turmair, Johannes: Johannis Auentini Des Hochgelerten weitberuembten Beyerischen Geschichtschreibers ...  1580.  (VD16 T 2321)</subfield>
    </datafield>
    <datafield tag="672" ind1=" " ind2="0">
      <subfield code="a">Cisner, Nikolaus: DE IVRIS DIVISIONE, QVIBVSQVE OLIM POpulis &amp; ciuitatibus, dominantibus Romanis, Iuris ...  1560.  (VD16 C 3961)</subfield>
    </datafield>
    <datafield tag="672" ind1=" " ind2="0">
      <subfield code="a">Der Roemischen Kaiserlichen Mayestat Vnd gemeiner Staenden des heiligen Reichs ...  1588.  (VD16 D 998)</subfield>
    </datafield>
    <datafield tag="672" ind1=" " ind2="0">
      <subfield code="a">Der Römischen Kaiserlichen Mayestat Vnd gemeiner Ständen deß heiligen Reichs angenommene ...  1594.  (VD16 D 1000)</subfield>
    </datafield>
    <datafield tag="672" ind1=" " ind2="0">
      <subfield code="a">Turmair, Johannes: IO. AVENTINI ANNALIVM BOIORVM LIBRI VII Ex autenticis manuscriptis codicib. recogniti, ...  1580.  (VD16 T 2319)</subfield>
    </datafield>
    <datafield tag="678" ind1=" " ind2=" ">
      <subfield code="b">kurpfälzischer Rat und Vizehofrichter; Professor der Rechte in Heidelberg; Assessor am Reichskammergericht</subfield>
    </datafield>
    <datafield tag="913" ind1=" " ind2=" ">
      <subfield code="S">pnd</subfield>
      <subfield code="i">a</subfield>
      <subfield code="a">Cisnerus, Nikolaus</subfield>
      <subfield code="0">(DE-588a)116517735</subfield>
    </datafield>
  </record>
